@PREAMBLE{
"\def\cprime{$'$} " #
"\def \registered {$^{{\ooalign{\hfil\raise.07ex
                       \hbox{\footnotesize R}\hfil\crcr
                       \mathhexbox20D}}}$}" #
"\def \trademark {$^{\hbox{\sc tm}}$}"
}


@book {GoossensMS94,
  author       = {Goossens, Michel and Mittelbach, Frank and Samarin, Alexander},
  title        = {The {LaTeX} Companion},
  year         = 1994,
  edition      = 1,
  publisher    = {Addison-Wesley},
  location     = {Reading, Mass.},
  pagetotal    = 528,
  langid       = {english},
  langidopts   = {variant=american},
  sorttitle    = {LaTeX Companion},
  indextitle   = {LaTeX Companion, The},
  shorttitle   = {LaTeX Companion},
  annotation   = {A book with three authors. Note the formatting of the author
                  list. By default, only the first name is reversed in the
                  bibliography},
}

@book {Loomis_ElisaS68,
  author       = {Loomis, Elisa Scott},
  title        = {The {P}ythagorean {P}roposition, 
		  {C}lassics in {M}athematics {E}ducation {S}eries},
  year         = 1968,
  edition      = 2,
  publisher    = {National Council of Tachers in Mathematics, Inc.,
		  Washington, D.C.},
  location     = {National Council of Tachers in Mathematics, 1201
		  Sixteenth Street, N.W., Washington, D.C. 20036},
  pagetotal    = 310,
  pdf          = {Loomis_ElisaS68.pdf}
}

@book {KernighanR88,
  title	       = {The {C} {P}rogramming {L}anguage},
  author       = {Kernighan, B.W. and Ritchie, D.M.},
  isbn         = {9780131103627},
  lccn         = {77028983},
  series       = {Prentice-Hall software series},
  url          = {https://books.google.es/books?id=161QAAAAMAAJ},
  year         = 1988,
  publisher    = {Prentice Hall}
}

@BOOK{Stroustrup97,
  author 	= {Stroustrup, Bjarne},
  isbn 		= {0201889544},
  title 	= {The {C}++ {P}Programming {L}anguage, {T}hird {E}dition},
  publisher 	= {Addison-Wesley Longman Publishing Co., Inc.},
  year 		= {1997},
  address 	= {USA},
  edition	= {3rd}
}


